<record><leader>00000cas a22000007a 4500</leader><controlfield tag="001">40123311</controlfield><controlfield tag="008">981016d18751876sducr ne      0    0eng d</controlfield><datafield ind1=" " ind2=" " tag="010"><subfield code="a">sn 98062812 </subfield></datafield><datafield ind1=" " ind2=" " tag="040"><subfield code="a">SXN</subfield><subfield code="b">eng</subfield><subfield code="c">SXN</subfield><subfield code="d">OCLCQ</subfield><subfield code="d">OCLCF</subfield><subfield code="d">OCLCO</subfield></datafield><datafield ind1="1" ind2=" " tag="029"><subfield code="a">AU@</subfield><subfield code="b">000014247778</subfield></datafield><datafield ind1=" " ind2=" " tag="042"><subfield code="a">msc</subfield></datafield><datafield ind1=" " ind2=" " tag="043"><subfield code="a">n-us-sd</subfield></datafield><datafield ind1="0" ind2=" " tag="130"><subfield code="a">Semi-weekly register (Vermillion, S.D.)</subfield></datafield><datafield ind1="0" ind2="0" tag="245"><subfield code="a">Semi-weekly register.</subfield></datafield><datafield ind1=" " ind2=" " tag="260"><subfield code="a">Vermillion, D.T. [S.D.] :</subfield><subfield code="b">Wm. L.H. Owens, W.B. Smith,</subfield><subfield code="c">1875-1876.</subfield></datafield><datafield ind1=" " ind2=" " tag="300"><subfield code="a">v.</subfield></datafield><datafield ind1=" " ind2=" " tag="310"><subfield code="a">Semiweekly</subfield></datafield><datafield ind1="1" ind2=" " tag="362"><subfield code="a">Ceased in 1876.</subfield></datafield><datafield ind1="0" ind2=" " tag="362"><subfield code="a">Vol. 4, no. 1 (Sept. 10, 1875)-</subfield></datafield><datafield ind1=" " ind2=" " tag="530"><subfield code="a">Available on microfilm from: State Archives, South Dakota State Historical Society.</subfield></datafield><datafield ind1=" " ind2="0" tag="651"><subfield code="a">Dakota Territory</subfield><subfield code="x">History</subfield><subfield code="v">Newspapers.</subfield></datafield><datafield ind1=" " ind2="0" tag="651"><subfield code="a">Vermillion (S.D.)</subfield><subfield code="v">Newspapers.</subfield></datafield><datafield ind1=" " ind2="0" tag="651"><subfield code="a">Clay County (S.D.)</subfield><subfield code="v">Newspapers.</subfield></datafield><datafield ind1=" " ind2="7" tag="655"><subfield code="a">History.</subfield><subfield code="2">fast</subfield><subfield code="0">(OCoLC)fst01411628</subfield></datafield><datafield ind1=" " ind2="7" tag="655"><subfield code="a">Newspapers.</subfield><subfield code="2">fast</subfield><subfield code="0">(OCoLC)fst01423814</subfield></datafield><datafield ind1=" " ind2="7" tag="651"><subfield code="a">South Dakota</subfield><subfield code="z">Clay County.</subfield><subfield code="2">fast</subfield><subfield code="0">(OCoLC)fst01215573</subfield></datafield><datafield ind1=" " ind2="7" tag="651"><subfield code="a">South Dakota</subfield><subfield code="z">Vermillion.</subfield><subfield code="2">fast</subfield><subfield code="0">(OCoLC)fst01217710</subfield></datafield><datafield ind1=" " ind2="7" tag="651"><subfield code="a">United States</subfield><subfield code="z">Dakota Territory.</subfield><subfield code="2">fast</subfield><subfield code="0">(OCoLC)fst01228148</subfield></datafield><datafield ind1=" " ind2=" " tag="752"><subfield code="a">United States</subfield><subfield code="b">South Dakota</subfield><subfield code="c">Clay</subfield><subfield code="d">Vermillion.</subfield></datafield><datafield ind1="0" ind2="0" tag="780"><subfield code="t">Clay County register (Vermillion, S.D.)</subfield><subfield code="w">(DLC)sn 84022143</subfield></datafield></record>